


@article{zhou2021deep,
	title={Deep reinforcement learning for energy-efficient computation offloading in mobile-edge computing},
	author={Zhou, Huan and Jiang, Kai and Liu, Xuxun and Li, Xiuhua and Leung, Victor CM},
	journal={IEEE Internet of Things Journal},
	volume={9},
	number={2},
	pages={1517--1530},
	year={2021},
	publisher={IEEE}
}

@misc{brockman2016openai,
	abstract = {OpenAI Gym is a toolkit for reinforcement learning research. It includes a
	growing collection of benchmark problems that expose a common interface, and a
	website where people can share their results and compare the performance of
	algorithms. This whitepaper discusses the components of OpenAI Gym and the
	design decisions that went into the software.},
	added-at = {2018-04-12T12:08:39.000+0200},
	author = {Brockman, Greg and Cheung, Vicki and Pettersson, Ludwig and Schneider, Jonas and Schulman, John and Tang, Jie and Zaremba, Wojciech},
	biburl = {https://www.bibsonomy.org/bibtex/2cdc8f927d6c8657ea82951a09e34161a/achakraborty},
	description = {[1606.01540] OpenAI Gym},
	interhash = {cfd0ba0b44eda9a3ca67480dfbf823a0},
	intrahash = {cdc8f927d6c8657ea82951a09e34161a},
	keywords = {2016 arxiv paper reinforcement-learning},
	note = {cite arxiv:1606.01540},
	timestamp = {2018-04-12T12:08:39.000+0200},
	title = {OpenAI Gym},
	url = {http://arxiv.org/abs/1606.01540},
	year = 2016
}



@article{tang2020deep,
	title={Deep reinforcement learning for task offloading in mobile edge computing systems},
	author={Tang, Ming and Wong, Vincent WS},
	journal={IEEE Transactions on Mobile Computing},
	year={2020},
	publisher={IEEE}
}



@article{parekh1993generalized,
	title={A generalized processor sharing approach to flow control in integrated services networks: the single-node case},
	author={Parekh, Abhay K and Gallager, Robert G},
	journal={IEEE/ACM transactions on networking},
	volume={1},
	number={3},
	pages={344--357},
	year={1993},
	publisher={IEEE}
}


@inproceedings{li2018deep,
	title={Deep reinforcement learning based computation offloading and resource allocation for MEC},
	author={Li, Ji and Gao, Hui and Lv, Tiejun and Lu, Yueming},
	booktitle={2018 IEEE Wireless Communications and Networking Conference (WCNC)},
	pages={1--6},
	year={2018},
	organization={IEEE}
}


@article{shan2020drl+,
	title={“DRL+ FL”: An intelligent resource allocation model based on deep reinforcement learning for Mobile Edge Computing},
	author={Shan, Nanliang and Cui, Xiaolong and Gao, Zhiqiang},
	journal={Computer Communications},
	volume={160},
	pages={14--24},
	year={2020},
	publisher={Elsevier}
}

@article{gers2000learning,
	title={Learning to forget: Continual prediction with LSTM},
	author={Gers, Felix A and Schmidhuber, J{\"u}rgen and Cummins, Fred},
	journal={Neural computation},
	volume={12},
	number={10},
	pages={2451--2471},
	year={2000},
	publisher={MIT Press}
}


@article{wang2020machine,
	title={A Machine Learning Approach for Task and Resource Allocation in Mobile-Edge Computing-Based Networks},
	author={Wang, Sihua and Chen, Mingzhe and Liu, Xuanlin and Yin, Changchuan and Cui, Shuguang and Poor, H Vincent},
	journal={IEEE Internet of Things Journal},
	volume={8},
	number={3},
	pages={1358--1372},
	year={2020},
	publisher={IEEE}
}

@article{gai2018optimal,
	title={Optimal resource allocation using reinforcement learning for IoT content-centric services},
	author={Gai, Keke and Qiu, Meikang},
	journal={Applied Soft Computing},
	volume={70},
	pages={12--21},
	year={2018},
	publisher={Elsevier}
}


offloading
@article{mach2017mobile,
	title={Mobile edge computing: A survey on architecture and computation offloading},
	author={Mach, Pavel and Becvar, Zdenek},
	journal={IEEE Communications Surveys \& Tutorials},
	volume={19},
	number={3},
	pages={1628--1656},
	year={2017},
	publisher={IEEE}
}




Tang22
@inproceedings{liu2016delay,
  title={Delay-optimal computation task scheduling for mobile-edge computing systems},
  author={Liu, Juan and Mao, Yuyi and Zhang, Jun and Letaief, Khaled B},
  booktitle={2016 IEEE international symposium on information theory (ISIT)},
  pages={1451--1455},
  year={2016},
  organization={IEEE}
}

Tang23
@article{mao2017stochastic,
  title={Stochastic joint radio and computational resource management for multi-user mobile-edge computing systems},
  author={Mao, Yuyi and Zhang, Jun and Song, SH and Letaief, Khaled B},
  journal={IEEE Transactions on Wireless Communications},
  volume={16},
  number={9},
  pages={5994--6009},
  year={2017},
  publisher={IEEE}
}

Tang25
@inproceedings{wang2016dueling,
  title={Dueling network architectures for deep reinforcement learning},
  author={Wang, Ziyu and Schaul, Tom and Hessel, Matteo and Hasselt, Hado and Lanctot, Marc and Freitas, Nando},
  booktitle={International conference on machine learning},
  pages={1995--2003},
  year={2016},
  organization={PMLR}
}

intro4
@article{gonzalez2015cloud,
	title={Cloud computing and education: A state-of-the-art survey},
	author={Gonz{\'a}lez-Mart{\'\i}nez, Jos{\'e} A and Bote-Lorenzo, Miguel L and G{\'o}mez-S{\'a}nchez, Eduardo and Cano-Parra, Rafael},
	journal={Computers \& Education},
	volume={80},
	pages={132--151},
	year={2015},
	publisher={Elsevier}
}

intro5
@article{shi2016edge,
	title={Edge computing: Vision and challenges},
	author={Shi, Weisong and Cao, Jie and Zhang, Quan and Li, Youhuizi and Xu, Lanyu},
	journal={IEEE internet of things journal},
	volume={3},
	number={5},
	pages={637--646},
	year={2016},
	publisher={IEEE}
}

intro6
@inproceedings{yi2015survey,
	title={A survey of fog computing: concepts, applications and issues},
	author={Yi, Shanhe and Li, Cheng and Li, Qun},
	booktitle={Proceedings of the 2015 workshop on mobile big data},
	pages={37--42},
	year={2015}
}

intro7
@inproceedings{dolui2017comparison,
	title={Comparison of edge computing implementations: Fog computing, cloudlet and mobile edge computing},
	author={Dolui, Koustabh and Datta, Soumya Kanti},
	booktitle={2017 Global Internet of Things Summit (GIoTS)},
	pages={1--6},
	year={2017},
	organization={IEEE}
}

intro8
@article{gai2018optimal,
	title={Optimal resource allocation using reinforcement learning for IoT content-centric services},
	author={Gai, Keke and Qiu, Meikang},
	journal={Applied Soft Computing},
	volume={70},
	pages={12--21},
	year={2018},
	publisher={Elsevier}
}

intro9
@article{li2019energy,
	title={Energy-efficient computation offloading and resource allocation in fog computing for internet of everything},
	author={Li, Qiuping and Zhao, Junhui and Gong, Yi and Zhang, Qingmiao},
	journal={China Communications},
	volume={16},
	number={3},
	pages={32--41},
	year={2019},
	publisher={IEEE}
}

intro11
@article{tocze2018taxonomy,
	title={A taxonomy for management and optimization of multiple resources in edge computing},
	author={Tocz{\'e}, Klervie and Nadjm-Tehrani, Simin},
	journal={Wireless Communications and Mobile Computing},
	volume={2018},
	year={2018},
	publisher={Hindawi}
}

intro12
@inproceedings{aazam2016pre,
	title={PRE-Fog: IoT trace based probabilistic resource estimation at Fog},
	author={Aazam, Mohammad and St-Hilaire, Marc and Lung, Chung-Horng and Lambadaris, Ioannis},
	booktitle={2016 13th IEEE Annual Consumer Communications \& Networking Conference (CCNC)},
	pages={12--17},
	year={2016},
	organization={IEEE}
}

intro13
@inproceedings{athwani2015resource,
	title={Resource discovery in mobile cloud computing: A clustering based approach},
	author={Athwani, Priyanka and Vidyarthi, Deo Prakash},
	booktitle={2015 IEEE UP Section Conference on Electrical Computer and Electronics (UPCON)},
	pages={1--6},
	year={2015},
	organization={IEEE}
}


intro14
@article{chen2018task,
	title={Task offloading for mobile edge computing in software defined ultra-dense network},
	author={Chen, Min and Hao, Yixue},
	journal={IEEE Journal on Selected Areas in Communications},
	volume={36},
	number={3},
	pages={587--597},
	year={2018},
	publisher={IEEE}
}

intro15
@article{puterman1990markov,
	title={Markov decision processes},
	author={Puterman, Martin L},
	journal={Handbooks in operations research and management science},
	volume={2},
	pages={331--434},
	year={1990},
	publisher={Elsevier}
}


rl24
@book{sutton2018reinforcement,
	title={Reinforcement learning: An introduction},
	author={Sutton, Richard S and Barto, Andrew G},
	year={2018},
	publisher={MIT press}
}


rl25
@article{lecun2015deep,
	title={Deep learning},
	author={LeCun, Yann and Bengio, Yoshua and Hinton, Geoffrey},
	journal={nature},
	volume={521},
	number={7553},
	pages={436--444},
	year={2015},
	publisher={Nature Publishing Group}
}

rl26
@article{schmidhuber2015deep,
	title={Deep learning in neural networks: An overview},
	author={Schmidhuber, J{\"u}rgen},
	journal={Neural networks},
	volume={61},
	pages={85--117},
	year={2015},
	publisher={Elsevier}
}

rl28
@article{hinton2009deep,
	title={Deep belief networks},
	author={Hinton, Geoffrey E},
	journal={Scholarpedia},
	volume={4},
	number={5},
	pages={5947},
	year={2009}
}





pishzamine1
@article{mao2016dynamic,
	title={Dynamic computation offloading for mobile-edge computing with energy harvesting devices},
	author={Mao, Yuyi and Zhang, Jun and Letaief, Khaled B},
	journal={IEEE Journal on Selected Areas in Communications},
	volume={34},
	number={12},
	pages={3590--3605},
	year={2016},
	publisher={IEEE}
}


pishzamine2
@book{bertsekas2012dynamic,
	title={Dynamic programming and optimal control: Volume I},
	author={Bertsekas, Dimitri},
	volume={1},
	year={2012},
	publisher={Athena scientific}
}


related6
@article{tran2018joint,
	title={Joint task offloading and resource allocation for multi-server mobile-edge computing networks},
	author={Tran, Tuyen X and Pompili, Dario},
	journal={IEEE Transactions on Vehicular Technology},
	volume={68},
	number={1},
	pages={856--868},
	year={2018},
	publisher={IEEE}
}

related7
@inproceedings{guo2016energy,
	title={Energy-efficient dynamic offloading and resource scheduling in mobile cloud computing},
	author={Guo, Songtao and Xiao, Bin and Yang, Yuanyuan and Yang, Yang},
	booktitle={IEEE INFOCOM 2016-The 35th Annual IEEE International Conference on Computer Communications},
	pages={1--9},
	year={2016},
	organization={IEEE}
}

related8
@inproceedings{sundar2018offloading,
	title={Offloading dependent tasks with communication delay and deadline constraint},
	author={Sundar, Sowndarya and Liang, Ben},
	booktitle={IEEE INFOCOM 2018-IEEE Conference on Computer Communications},
	pages={37--45},
	year={2018},
	organization={IEEE}
}


related9
@article{sun2017latency,
	title={Latency aware workload offloading in the cloudlet network},
	author={Sun, Xiang and Ansari, Nirwan},
	journal={IEEE Communications Letters},
	volume={21},
	number={7},
	pages={1481--1484},
	year={2017},
	publisher={IEEE}
}









allocation
@article{xiong2020resource,
	title={Resource allocation based on deep reinforcement learning in IoT edge computing},
	author={Xiong, Xiong and Zheng, Kan and Lei, Lei and Hou, Lu},
	journal={IEEE Journal on Selected Areas in Communications},
	volume={38},
	number={6},
	pages={1133--1146},
	year={2020},
	publisher={IEEE}
}



exprience
@inproceedings{zhan2020experience,
	title={Experience-driven computational resource allocation of federated learning by deep reinforcement learning},
	author={Zhan, Yufeng and Li, Peng and Guo, Song},
	booktitle={2020 IEEE International Parallel and Distributed Processing Symposium (IPDPS)},
	pages={234--243},
	year={2020},
	organization={IEEE}
}



via
@article{liu2020resource,
	title={Resource allocation with edge computing in IoT networks via machine learning},
	author={Liu, Xiaolan and Yu, Jiadong and Wang, Jian and Gao, Yue},
	journal={IEEE Internet of Things Journal},
	volume={7},
	number={4},
	pages={3415--3426},
	year={2020},
	publisher={IEEE}
}

poshte
@article{wang2020machine,
	title={A Machine Learning Approach for Task and Resource Allocation in Mobile-Edge Computing-Based Networks},
	author={Wang, Sihua and Chen, Mingzhe and Liu, Xuanlin and Yin, Changchuan and Cui, Shuguang and Poor, H Vincent},
	journal={IEEE Internet of Things Journal},
	volume={8},
	number={3},
	pages={1358--1372},
	year={2020},
	publisher={IEEE}
}


1
@article{mao2017survey,
	title={A survey on mobile edge computing: The communication perspective},
	author={Mao, Yuyi and You, Changsheng and Zhang, Jun and Huang, Kaibin and Letaief, Khaled B},
	journal={IEEE Communications Surveys \& Tutorials},
	volume={19},
	number={4},
	pages={2322--2358},
	year={2017},
	publisher={IEEE}
}

2
@inproceedings{bonomi2012fog,
	title={Fog computing and its role in the internet of things},
	author={Bonomi, Flavio and Milito, Rodolfo and Zhu, Jiang and Addepalli, Sateesh},
	booktitle={Proceedings of the first edition of the MCC workshop on Mobile cloud computing},
	pages={13--16},
	year={2012}
}

3
@article{porambage2018survey,
	title={Survey on multi-access edge computing for internet of things realization},
	author={Porambage, Pawani and Okwuibe, Jude and Liyanage, Madhusanka and Ylianttila, Mika and Taleb, Tarik},
	journal={IEEE Communications Surveys \& Tutorials},
	volume={20},
	number={4},
	pages={2961--2991},
	year={2018},
	publisher={IEEE}
}



4
@article{wang2017computation,
	title={Computation offloading and resource allocation in wireless cellular networks with mobile edge computing},
	author={Wang, Chenmeng and Liang, Chengchao and Yu, F Richard and Chen, Qianbin and Tang, Lun},
	journal={IEEE Transactions on Wireless Communications},
	volume={16},
	number={8},
	pages={4924--4938},
	year={2017},
	publisher={IEEE}
}


5
@article{bi2018computation,
	title={Computation rate maximization for wireless powered mobile-edge computing with binary computation offloading},
	author={Bi, Suzhi and Zhang, Ying Jun},
	journal={IEEE Transactions on Wireless Communications},
	volume={17},
	number={6},
	pages={4177--4190},
	year={2018},
	publisher={IEEE}
}


6
@inproceedings{eshraghi2019joint,
	title={Joint offloading decision and resource allocation with uncertain task computing requirement},
	author={Eshraghi, Nima and Liang, Ben},
	booktitle={IEEE INFOCOM 2019-IEEE Conference on Computer Communications},
	pages={1414--1422},
	year={2019},
	organization={IEEE}
}


7
@article{lyu2018energy,
	title={Energy-efficient admission of delay-sensitive tasks for mobile edge computing},
	author={Lyu, Xinchen and Tian, Hui and Ni, Wei and Zhang, Yan and Zhang, Ping and Liu, Ren Ping},
	journal={IEEE Transactions on Communications},
	volume={66},
	number={6},
	pages={2603--2616},
	year={2018},
	publisher={IEEE}
}



8
@article{chen2018task,
	title={Task offloading for mobile edge computing in software defined ultra-dense network},
	author={Chen, Min and Hao, Yixue},
	journal={IEEE Journal on Selected Areas in Communications},
	volume={36},
	number={3},
	pages={587--597},
	year={2018},
	publisher={IEEE}
}



9
@inproceedings{poularakis2019joint,
	title={Joint service placement and request routing in multi-cell mobile edge computing networks},
	author={Poularakis, Konstantinos and Llorca, Jaime and Tulino, Antonia M and Taylor, Ian and Tassiulas, Leandros},
	booktitle={IEEE INFOCOM 2019-IEEE Conference on Computer Communications},
	pages={10--18},
	year={2019},
	organization={IEEE}
}



10
@article{lyu2018distributed,
	title={Distributed online optimization of fog computing for selfish devices with out-of-date information},
	author={Lyu, Xinchen and Ni, Wei and Tian, Hui and Liu, Ren Ping and Wang, Xin and Giannakis, Georgios B and Paulraj, Arogyaswami},
	journal={IEEE Transactions on Wireless Communications},
	volume={17},
	number={11},
	pages={7704--7717},
	year={2018},
	publisher={IEEE}
}

11
@article{li2019incentive,
	title={An incentive-aware job offloading control framework for multi-access edge computing},
	author={Li, Lingxiang and Quek, Tony QS and Ren, Ju and Yang, Howard H and Chen, Zhi and Zhang, Yaoxue},
	journal={IEEE Transactions on Mobile Computing},
	volume={20},
	number={1},
	pages={63--75},
	year={2019},
	publisher={IEEE}
}
12
@article{shah2018hierarchical,
	title={Hierarchical fog-cloud computing for IoT systems: A computation offloading game},
	author={Shah-Mansouri, Hamed and Wong, Vincent WS},
	journal={IEEE Internet of Things Journal},
	volume={5},
	number={4},
	pages={3246--3257},
	year={2018},
	publisher={IEEE}
}
13
@inproceedings{jovsilo2019wireless,
	title={Wireless and computing resource allocation for selfish computation offloading in edge computing},
	author={Jo{\v{s}}ilo, Sla{\dj}ana and D{\'a}n, Gy{\"o}rgy},
	booktitle={IEEE INFOCOM 2019-IEEE Conference on Computer Communications},
	pages={2467--2475},
	year={2019},
	organization={IEEE}
}
14
@article{yang2018distributed,
	title={A distributed computation offloading strategy in small-cell networks integrated with mobile edge computing},
	author={Yang, Lichao and Zhang, Heli and Li, Xi and Ji, Hong and Leung, Victor CM},
	journal={IEEE/ACM Transactions on Networking},
	volume={26},
	number={6},
	pages={2762--2773},
	year={2018},
	publisher={IEEE}
}
15
@article{neto2018uloof,
	title={ULOOF: A user level online offloading framework for mobile edge computing},
	author={Neto, Jos{\'e} Leal D and Yu, Se-Young and Macedo, Daniel F and Nogueira, Jos{\'e} Marcos S and Langar, Rami and Secci, Stefano},
	journal={IEEE Transactions on Mobile Computing},
	volume={17},
	number={11},
	pages={2660--2674},
	year={2018},
	publisher={IEEE}
}
16
@article{mnih2015human,
	title={Human-level control through deep reinforcement learning},
	author={Mnih, Volodymyr and Kavukcuoglu, Koray and Silver, David and Rusu, Andrei A and Veness, Joel and Bellemare, Marc G and Graves, Alex and Riedmiller, Martin and Fidjeland, Andreas K and Ostrovski, Georg and others},
	journal={nature},
	volume={518},
	number={7540},
	pages={529--533},
	year={2015},
	publisher={Nature Publishing Group}
}
17
@article{huang2019deep,
	title={Deep reinforcement learning for online computation offloading in wireless powered mobile-edge computing networks},
	author={Huang, Liang and Bi, Suzhi and Zhang, Ying-Jun Angela},
	journal={IEEE Transactions on Mobile Computing},
	volume={19},
	number={11},
	pages={2581--2593},
	year={2019},
	publisher={IEEE}
}
18
@article{luo2019adaptive,
	title={Adaptive video streaming with edge caching and video transcoding over software-defined mobile networks: A deep reinforcement learning approach},
	author={Luo, Jia and Yu, F Richard and Chen, Qianbin and Tang, Lun},
	journal={IEEE Transactions on Wireless Communications},
	volume={19},
	number={3},
	pages={1577--1592},
	year={2019},
	publisher={IEEE}
}
19
@article{liu2019deep,
	title={Deep reinforcement learning for offloading and resource allocation in vehicle edge computing and networks},
	author={Liu, Yi and Yu, Huimin and Xie, Shengli and Zhang, Yan},
	journal={IEEE Transactions on Vehicular Technology},
	volume={68},
	number={11},
	pages={11158--11168},
	year={2019},
	publisher={IEEE}
}
20
@article{zhao2019deep,
	title={Deep reinforcement learning for user association and resource allocation in heterogeneous cellular networks},
	author={Zhao, Nan and Liang, Ying-Chang and Niyato, Dusit and Pei, Yiyang and Wu, Minghu and Jiang, Yunhao},
	journal={IEEE Transactions on Wireless Communications},
	volume={18},
	number={11},
	pages={5141--5152},
	year={2019},
	publisher={IEEE}
}
